@article{frank_single-cell_2023,
	title = {Single-cell analysis identifies genes facilitating rhizobium infection in {Lotus} japonicus},
	volume = {14},
	issn = {2041-1723},
	url = {https://www.ncbi.nlm.nih.gov/pmc/articles/PMC10630511/},
	doi = {10.1038/s41467-023-42911-1},
	urldate = {2024-01-09},
	journal = {Nature Communications},
	author = {Frank, Manuel and Fechete, Lavinia Ioana and Tedeschi, Francesca and Nadzieja, Marcin and Nørgaard, Malita Malou Malekzadeh and Montiel, Jesus and Andersen, Kasper Røjkjær and Schierup, Mikkel H. and Reid, Dugald and Andersen, Stig Uggerhøj},
	month = nov,
	year = {2023},
	pmid = {37935666},
	pmcid = {PMC10630511},
	pages = {7171},
}


@article{heumos_best_2023,
	title = {Best practices for single-cell analysis across modalities},
	volume = {24},
	issn = {1471-0056, 1471-0064},
	url = {https://www.nature.com/articles/s41576-023-00586-w},
	doi = {10.1038/s41576-023-00586-w},
	language = {en},
	number = {8},
	urldate = {2024-01-10},
	journal = {Nature Reviews Genetics},
	author = {Heumos, Lukas and Schaar, Anna C. and Lance, Christopher and Litinetskaya, Anastasia and Drost, Felix and Zappia, Luke and Lücken, Malte D. and Strobl, Daniel C. and Henao, Juan and Curion, Fabiola and {Single-cell Best Practices Consortium} and Aliee, Hananeh and Ansari, Meshal and Badia-i-Mompel, Pau and Büttner, Maren and Dann, Emma and Dimitrov, Daniel and Dony, Leander and Frishberg, Amit and He, Dongze and Hediyeh-zadeh, Soroor and Hetzel, Leon and Ibarra, Ignacio L. and Jones, Matthew G. and Lotfollahi, Mohammad and Martens, Laura D. and Müller, Christian L. and Nitzan, Mor and Ostner, Johannes and Palla, Giovanni and Patro, Rob and Piran, Zoe and Ramírez-Suástegui, Ciro and Saez-Rodriguez, Julio and Sarkar, Hirak and Schubert, Benjamin and Sikkema, Lisa and Srivastava, Avi and Tanevski, Jovan and Virshup, Isaac and Weiler, Philipp and Schiller, Herbert B. and Theis, Fabian J.},
	month = aug,
	year = {2023},
	pages = {550--572},
	file = {Full Text:C\:\\Users\\au612681\\Zotero\\storage\\R4DUNP74\\Heumos et al. - 2023 - Best practices for single-cell analysis across mod.pdf:application/pdf},
}

@article{luecken_current_2019,
	title = {Current best practices in single‐cell {RNA}‐seq analysis: a tutorial},
	volume = {15},
	issn = {1744-4292, 1744-4292},
	shorttitle = {Current best practices in single‐cell {RNA}‐seq analysis},
	url = {https://www.embopress.org/doi/10.15252/msb.20188746},
	doi = {10.15252/msb.20188746},
	language = {en},
	number = {6},
	urldate = {2024-01-10},
	journal = {Molecular Systems Biology},
	author = {Luecken, Malte D and Theis, Fabian J},
	month = jun,
	year = {2019},
	pages = {e8746},
	file = {Full Text:C\:\\Users\\au612681\\Zotero\\storage\\DTC6G7XE\\Luecken and Theis - 2019 - Current best practices in single‐cell RNA‐seq anal.pdf:application/pdf},
}



@article{becht_dimensionality_2019,
	title = {Dimensionality reduction for visualizing single-cell data using {UMAP}},
	volume = {37},
	issn = {1087-0156, 1546-1696},
	url = {https://www.nature.com/articles/nbt.4314},
	doi = {10.1038/nbt.4314},
	language = {en},
	number = {1},
	urldate = {2024-01-11},
	journal = {Nature Biotechnology},
	author = {Becht, Etienne and McInnes, Leland and Healy, John and Dutertre, Charles-Antoine and Kwok, Immanuel W H and Ng, Lai Guan and Ginhoux, Florent and Newell, Evan W},
	month = jan,
	year = {2019},
	pages = {38--44},
	file = {Submitted Version:C\:\\Users\\au612681\\Zotero\\storage\\M468VA8W\\Becht et al. - 2019 - Dimensionality reduction for visualizing single-ce.pdf:application/pdf},
}

@article{mcinnes_umap_2018,
	title = {{UMAP}: {Uniform} {Manifold} {Approximation} and {Projection}},
	volume = {3},
	issn = {2475-9066},
	shorttitle = {{UMAP}},
	url = {http://joss.theoj.org/papers/10.21105/joss.00861},
	doi = {10.21105/joss.00861},
	number = {29},
	urldate = {2024-01-11},
	journal = {Journal of Open Source Software},
	author = {McInnes, Leland and Healy, John and Saul, Nathaniel and Großberger, Lukas},
	month = sep,
	year = {2018},
	pages = {861},
	file = {Full Text:C\:\\Users\\au612681\\Zotero\\storage\\NV8E2CU8\\McInnes et al. - 2018 - UMAP Uniform Manifold Approximation and Projectio.pdf:application/pdf},
}


@article{mcginnis_doubletfinder_2019,
	title = {{DoubletFinder}: {Doublet} {Detection} in {Single}-{Cell} {RNA} {Sequencing} {Data} {Using} {Artificial} {Nearest} {Neighbors}},
	volume = {8},
	issn = {24054712},
	shorttitle = {{DoubletFinder}},
	url = {https://linkinghub.elsevier.com/retrieve/pii/S2405471219300730},
	doi = {10.1016/j.cels.2019.03.003},
	language = {en},
	number = {4},
	urldate = {2024-01-11},
	journal = {Cell Systems},
	author = {McGinnis, Christopher S. and Murrow, Lyndsay M. and Gartner, Zev J.},
	month = apr,
	year = {2019},
	pages = {329--337.e4},
	file = {Full Text:C\:\\Users\\au612681\\Zotero\\storage\\FCTZHD7C\\McGinnis et al. - 2019 - DoubletFinder Doublet Detection in Single-Cell RN.pdf:application/pdf},
}



@article{morabito_hdwgcna_2023,
	title = {{hdWGCNA} identifies co-expression networks in high-dimensional transcriptomics data},
	volume = {3},
	issn = {26672375},
	url = {https://linkinghub.elsevier.com/retrieve/pii/S2667237523001273},
	doi = {10.1016/j.crmeth.2023.100498},
	language = {en},
	number = {6},
	urldate = {2024-01-10},
	journal = {Cell Reports Methods},
	author = {Morabito, Samuel and Reese, Fairlie and Rahimzadeh, Negin and Miyoshi, Emily and Swarup, Vivek},
	month = jun,
	year = {2023},
	pages = {100498},
}


@article{fleming_unsupervised_2023,
	title = {Unsupervised removal of systematic background noise from droplet-based single-cell experiments using {CellBender}},
	volume = {20},
	issn = {1548-7091, 1548-7105},
	url = {https://www.nature.com/articles/s41592-023-01943-7},
	doi = {10.1038/s41592-023-01943-7},
	language = {en},
	number = {9},
	urldate = {2024-01-10},
	journal = {Nature Methods},
	author = {Fleming, Stephen J. and Chaffin, Mark D. and Arduini, Alessandro and Akkad, Amer-Denis and Banks, Eric and Marioni, John C. and Philippakis, Anthony A. and Ellinor, Patrick T. and Babadi, Mehrtash},
	month = sep,
	year = {2023},
	pages = {1323--1335},
}

@article{young_soupx_2020,
	title = {{SoupX} removes ambient {RNA} contamination from droplet-based single-cell {RNA} sequencing data},
	volume = {9},
	issn = {2047-217X},
	url = {https://academic.oup.com/gigascience/article/doi/10.1093/gigascience/giaa151/6049831},
	doi = {10.1093/gigascience/giaa151},
	language = {en},
	number = {12},
	urldate = {2024-01-10},
	journal = {GigaScience},
	author = {Young, Matthew D and Behjati, Sam},
	month = dec,
	year = {2020},
	pages = {giaa151},
	file = {Full Text:C\:\\Users\\au612681\\Zotero\\storage\\EDUXWFFM\\Young and Behjati - 2020 - SoupX removes ambient RNA contamination from dropl.pdf:application/pdf},
}

@article{hafemeister_normalization_2019,
	title = {Normalization and variance stabilization of single-cell {RNA}-seq data using regularized negative binomial regression},
	volume = {20},
	issn = {1474-760X},
	url = {https://genomebiology.biomedcentral.com/articles/10.1186/s13059-019-1874-1},
	doi = {10.1186/s13059-019-1874-1},
	language = {en},
	number = {1},
	urldate = {2024-01-10},
	journal = {Genome Biology},
	author = {Hafemeister, Christoph and Satija, Rahul},
	month = dec,
	year = {2019},
	pages = {296}
}


@article{adossa_computational_2021,
	title = {Computational strategies for single-cell multi-omics integration},
	volume = {19},
	issn = {20010370},
	url = {https://linkinghub.elsevier.com/retrieve/pii/S2001037021001720},
	doi = {10.1016/j.csbj.2021.04.060},
	language = {en},
	urldate = {2024-01-11},
	journal = {Computational and Structural Biotechnology Journal},
	author = {Adossa, Nigatu and Khan, Sofia and Rytkönen, Kalle T. and Elo, Laura L.},
	year = {2021},
	pages = {2588--2596},
	}

@article{stuart_comprehensive_2019,
	title = {Comprehensive {Integration} of {Single}-{Cell} {Data}},
	volume = {177},
	issn = {00928674},
	url = {https://linkinghub.elsevier.com/retrieve/pii/S0092867419305598},
	doi = {10.1016/j.cell.2019.05.031},
	language = {en},
	number = {7},
	urldate = {2024-01-11},
	journal = {Cell},
	author = {Stuart, Tim and Butler, Andrew and Hoffman, Paul and Hafemeister, Christoph and Papalexi, Efthymia and Mauck, William M. and Hao, Yuhan and Stoeckius, Marlon and Smibert, Peter and Satija, Rahul},
	month = jun,
	year = {2019},
	pages = {1888--1902.e21},
	}

@misc{xinming_seurat_2022,
	title = {Seurat {CCA}? {It}'s just a simple extension of {PCA}!},
	url = {https://xinmingtu.cn/blog/2022/CCA_dual_PCA/},
	urldate = {2024-01-11},
	author = {Xinming, Tu},
	month = feb,
	year = {2022},
}


@article{traag_louvain_2019,
	title = {From {Louvain} to {Leiden}: guaranteeing well-connected communities},
	volume = {9},
	issn = {2045-2322},
	shorttitle = {From {Louvain} to {Leiden}},
	url = {https://www.nature.com/articles/s41598-019-41695-z},
	doi = {10.1038/s41598-019-41695-z},
	language = {en},
	number = {1},
	urldate = {2024-01-11},
	journal = {Scientific Reports},
	author = {Traag, V. A. and Waltman, L. and Van Eck, N. J.},
	month = mar,
	year = {2019},
	pages = {5233},
}


@article{blondel_fast_2008,
	title = {Fast unfolding of communities in large networks},
	volume = {2008},
	issn = {1742-5468},
	url = {https://iopscience.iop.org/article/10.1088/1742-5468/2008/10/P10008},
	doi = {10.1088/1742-5468/2008/10/P10008},
	number = {10},
	urldate = {2024-01-11},
	journal = {Journal of Statistical Mechanics: Theory and Experiment},
	author = {Blondel, Vincent D and Guillaume, Jean-Loup and Lambiotte, Renaud and Lefebvre, Etienne},
	month = oct,
	year = {2008},
	pages = {P10008},
	file = {Submitted Version:C\:\\Users\\au612681\\Zotero\\storage\\R834RF6D\\Blondel et al. - 2008 - Fast unfolding of communities in large networks.pdf:application/pdf},
}

@article{cheng_review_2023,
	title = {A {Review} of {Single}-{Cell} {RNA}-{Seq} {Annotation}, {Integration}, and {Cell}–{Cell} {Communication}},
	volume = {12},
	issn = {2073-4409},
	url = {https://www.mdpi.com/2073-4409/12/15/1970},
	doi = {10.3390/cells12151970},
	language = {en},
	number = {15},
	urldate = {2024-01-11},
	journal = {Cells},
	author = {Cheng, Changde and Chen, Wenan and Jin, Hongjian and Chen, Xiang},
	month = jul,
	year = {2023},
	pages = {1970}
}


@article{langfelder_eigengene_2007,
	title = {Eigengene networks for studying the relationships between co-expression modules},
	volume = {1},
	issn = {1752-0509},
	url = {https://bmcsystbiol.biomedcentral.com/articles/10.1186/1752-0509-1-54},
	doi = {10.1186/1752-0509-1-54},
	language = {en},
	number = {1},
	urldate = {2024-01-17},
	journal = {BMC Systems Biology},
	author = {Langfelder, Peter and Horvath, Steve},
	month = dec,
	year = {2007},
	pages = {54},
}


@article{xiang_comparison_2021,
	title = {A {Comparison} for {Dimensionality} {Reduction} {Methods} of {Single}-{Cell} {RNA}-seq {Data}},
	volume = {12},
	issn = {1664-8021},
	url = {https://www.frontiersin.org/articles/10.3389/fgene.2021.646936/full},
	doi = {10.3389/fgene.2021.646936},
	urldate = {2024-01-17},
	journal = {Frontiers in Genetics},
	author = {Xiang, Ruizhi and Wang, Wencan and Yang, Lei and Wang, Shiyuan and Xu, Chaohan and Chen, Xiaowen},
	month = mar,
	year = {2021},
	pages = {646936}
}


@article{korsunsky_fast_2019,
	title = {Fast, sensitive and accurate integration of single-cell data with {Harmony}},
	volume = {16},
	issn = {1548-7091, 1548-7105},
	url = {https://www.nature.com/articles/s41592-019-0619-0},
	doi = {10.1038/s41592-019-0619-0},
	language = {en},
	number = {12},
	urldate = {2024-01-17},
	journal = {Nature Methods},
	author = {Korsunsky, Ilya and Millard, Nghia and Fan, Jean and Slowikowski, Kamil and Zhang, Fan and Wei, Kevin and Baglaenko, Yuriy and Brenner, Michael and Loh, Po-ru and Raychaudhuri, Soumya},
	month = dec,
	year = {2019},
	pages = {1289--1296}
}

